@BOOK{Horvath2015,
	AUTHOR = {Horv\'{a}th, Péter AND Gleich, Ronald AND Seiter, Mischa},
	YEAR = {2015},
	TITLE = {Controlling},
	EDITION = {13. Aufl.},
	ISBN = {978-3-800-64955-6},
	PUBLISHER = {Vahlen},
	ADDRESS = {München},
}
@book{Gadatsch2014,
  %doi = {10.1007/978-3-658-01590-9},
  doi = {https://doi.org/10.1007/978-3-658-01590-9},
  year = {2014},
  publisher = {Springer Fachmedien Wiesbaden},
  author = {Andreas Gadatsch and Elmar Mayer},
  title = {Masterkurs {IT}-Controlling}
}
@book{woehe2016einfuehrung,
  title={Einf{\"u}hrung in die Allgemeine Betriebswirtschaftslehre},
  author={W{\"o}he, G. and D{\"o}ring, U. and Br{\"o}sel, G.},
  number={Bd. 3},
  isbn={9783800650002},
  series={Vahlens Handb{\"u}cher der Wirtschafts- und Sozialwissenschaften},
  doi={https://books.google.de/books?id=PW0LkAEACAAJ},
  year={2016},
  publisher={Vahlen Franz GmbH}
}
@book{kuepper2013controlling,
  title={Controlling: Konzeption, Aufgaben, Instrumente},
  author={K{\"u}pper, H.U.},
  isbn={9783791032115},
  doi={https://books.google.de/books?id=EzLIkQEACAAJ},
  year={2013},
  publisher={Sch{\"a}ffer-Poeschel}
}

@book{weber2015einfuehrung,
  title={Einf{\"u}hrung in das Controlling},
  author={Weber, J. and Sch{\"a}ffer, U.},
  isbn={9783799268998},
  doi={https://books.google.de/books?id=M62lAgAAQBAJ},
  year={2015},
  publisher={Schaffer-Poeschel Verlag fur Wirtschaft Steuern Recht GmbH}
}
@book{kesten2013,
  doi = {10.15358/9783800643486},
  year = {2013},
  publisher = {Vahlen},
  author = {R. Kesten and A. M\"{u}ller and H. Schr\"{o}der},
  title = {{IT}-Controlling}
}

@Article{schroederHMD2016,
author={M{\"u}ller, Arno and H. Schr\"{o}der},
title={Szenarien und Vorgehen f{\"u}r die Gestaltung der IT-Organisation von morgen},
journal={HMD Praxis der Wirtschaftsinformatik},
year={2016},
volume={53},
number={5},
pages={580-593},
issn={1436-3011},
}

@Article{byrdturner2000,
author={Byrd, Terry and Turner, Douglas},
title={Measuring the Flexibility of Information Technology Infrastructure: Exploratory Analysis of a Construct},
journal={Journal of Management Information Systems},
year={2000},
volume={17},
number={1},
pages={167-2008},
issn={1436-3011},
}

@article{byrdturner2001,
  %doi = {10.1016/s0378-7206(01)00078-7},
  doi = {https://doi.org/10.1016/s0378-7206(01)00078-7},
  year = {2001},
  month = nov,
  publisher = {Elsevier {BV}},
  volume = {39},
  number = {1},
  pages = {41--52},
  author = {Terry Anthony Byrd and Douglas E. Turner},
  title = {An exploratory examination of the relationship between flexible {IT} infrastructure and competitive advantage},
  journal = {Information {\&} Management}
}

@book{Termer2016,
  doi = {10.1007/978-3-658-14215-5},
  year = {2016},
  publisher = {Springer Fachmedien Wiesbaden},
  author = {Frank Termer},
  title = {Determinanten der {IT}-Agilit\"{a}t}
}

@book{Gottmann2019,
  doi = {10.1007/978-3-658-22538-4},
  year = {2019},
  publisher = {Springer Fachmedien Wiesbaden},
  author = {Juliane Gottmann},
  title = {Produktionscontrolling}
}

@techreport{capgemini2019,
    author    = {Dumslaff, Uwe and Heimann, Thomas},
    title     = {Studie IT-Trends 2019},
    institution = {Capgemini Deutschland},
    type     = {Studie}, 
    url  = {https://www.capgemini.com/de-de/resources/studie-it-trends-2019/},
    year      = {2019}
}

@article{fischer2016,
	Author = {Fischer, Alexander},
	Date-Added = {2020-01-11 01:26:02 +0100},
	Date-Modified = {2020-01-11 02:55:19 +0100},
	Journal = {FuS Zeitschrift f{\"u}r Familienunternehmen und Strategie},
	Month = {05},
	Pages = {172.176},
	Title = {IT-Projekte: Ein Leitfaden aus rechtlicher Sicht.},
	Year = {2016}
}
	
@techreport{statusquoagile2015,
    author    = {Komus, Ayelt and Kuberg, Moritz},
    title     = {Status Quo Agile},
    institution = {Hochschule Koblenz},
    type     = {Studie}, 
    url  = {https://www.gpm-ipma.de/know\_how/studienergebnisse/status\_quo\_agile\_2015.html},
    year      = {2015}
}
@Article{radermacher2009,
author={Radermacher, Ingo and Klein, Andreas},
title={IT-Flexibilit{\"a}t: Warum und wie sollten IT-Organisationen flexibel gestaltet werden},
journal={HMD - Praxis der Wirtschaftsinformatik},
year={2009},
number={269},
pages={52-60},
issn={1436-3011},
doi={https://www.wiso-net.de/document/HMD__HMD20091026521829152114331811182}
}

@techreport{capgemini2008,
    author    = {Cla{\ss}en, Martin and von Kyaw, Felicitas},
    title     = {Change Management Studie 2008},
    institution = {Capgemini Deutschland},
    type     = {Studie}, 
    year      = {2008}
}

@Article{ratzer2009,
author={Ratzer, Peter},
title={4 Maßnahmen, um starre IT-Architekturen aufzubrechen},
journal={CIO},
year={2009},
doi={https://www.cio.de/a/4-massnahmen-um-starre-it-architekturen-aufzubrechen,891605}
}

@book{Sandberg2017,
  %doi = {10.1515/9783110514810},
  doi = {https://doi.org/10.1515/9783110514810},
  year = {2017},
  month = {02},
  publisher = {De Gruyter},
  author = {Berit Sandberg},
  title = {Wissenschaftliches Arbeiten von Abbildung bis Zitat}
}

@article{Wiedenhofer2016,
  %doi = {10.1007/s00287-015-0951-4},
  doi = {https://doi.org/10.1007/s00287-015-0951-4},
  year = {2016},
  month = {01},
  publisher = {Springer Science and Business Media LLC},
  volume = {40},
  number = {3},
  pages = {236-244},
  author = {Andr{\'{e}} Wiedenhofer},
  title = {Steigerung der IT-Flexibilit{\"a}t},
  journal = {Informatik-Spektrum}
}

@book{weber2005internationalisierung,
  title={Internationalisierung Des Controllings: Standortbestimmung Und Optionen},
  author={Weber, J. and Meyer, M.},
  isbn={9783835000131},
  series={Gabler Edition Wissenschaft / Schriften des Center for Controlling \& Management},
  doi={https://www.springer.com/de/book/9783835000131},
  year={2005},
  publisher={Deutscher Universit{\"a}tsverlag}
}
@book{ossadnik2009controlling,
  title={Controlling},
  author={Ossadnik, W.},
  isbn={9783486586213},
  series={Lehr- und Handb{\"u}cher der Betriebswirtschaftslehre},
  doi={https://books.google.de/books?id=ln4aMAAACAAJ},
  year={2009},
  publisher={Oldenbourg}
}
@book{Hubert2018,
  %doi = {10.1007/978-3-658-22897-2},
  doi = {https://doi.org/10.1007/978-3-658-22897-2},
  year = {2018},
  publisher = {Springer Fachmedien Wiesbaden},
  author = {Boris Hubert},
  title = {Controlling-Konzeptionen}
}
@book{Reichmann2017,
  doi = {10.15358/9783800651177},
  %url = {https://doi.org/10.15358/9783800651177},
  year = {2017},
  publisher = {Verlag Franz Vahlen {GmbH}},
  author = {Ulrike Baum\"{o}l and Martin Ki{\ss}ler and Thomas Reichmann},
  title = {Controlling mit Kennzahlen}
}

@book{Buchholz2013,
  doi = {10.1007/978-3-8349-4007-0},
  url = {https://doi.org/10.1007/978-3-8349-4007-0},
  year = {2013},
  publisher = {Springer Fachmedien Wiesbaden},
  author = {Liane Buchholz},
  title = {Strategisches Controlling}
}
@book{Schroeter2002,
  doi = {10.1007/978-3-322-90664-9},
  url = {https://doi.org/10.1007/978-3-322-90664-9},
  year = {2002},
  publisher = {Gabler Verlag},
  author = {Bernhard Schroeter},
  title = {Operatives Controlling}
}
@incollection{Lachnit2012,
  doi = {10.1007/978-3-8349-3736-0_2},
  year = {2012},
  publisher = {Springer Fachmedien Wiesbaden},
  pages = {49--160},
  author = {Laurenz Lachnit and Stefan M\"{u}ller},
  title = {Erfolgscontrolling},
  booktitle = {Unternehmenscontrolling}
}
@book{schweitzer2011systeme,
  title={Systeme der Kosten- und Erl{\"o}srechnung},
  author={Schweitzer, M. and K{\"u}pper, H.U.},
  isbn={9783800644148},
  series={Vahlens Handb{\"u}cher der Wirtschafts- und Sozialwissenschaften},
  year={2011},
  publisher={Vahlen}
}
@book{Heesen2016,
  doi = {10.1007/978-3-658-11066-6},
  year = {2016},
  publisher = {Springer Fachmedien Wiesbaden},
  author = {Bernd Heesen},
  title = {Cash- und Liquidit\"{a}tsmanagement}
}
@book{britzelmaier2013controlling,
  title={Controlling: Grundlagen, Praxis, Handlungsfelder},
  author={Britzelmaier, B.},
  isbn={9783868941043},
  series={Always learning},
  year={2013},
  publisher={Pearson}
}
@book{k2011beschaffungscontrolling,
  title={Beschaffungscontrolling - Die Performance der Beschaffung durch geeignete Instrumente messbar machen},
  author={K{\"o}rfer, C.},
  isbn={9783842853485},
  year={2011},
  publisher={Diplomica-Verlag}
}
@book{Bloech2014,
  doi = {10.1007/978-3-642-31893-1},
  year = {2014},
  publisher = {Springer Berlin Heidelberg},
  author = {J\"{u}rgen Bloech and Ronald Bogaschewsky and Udo Buscher and Anke Daub and Uwe G\"{o}tze and Folker Roland},
  title = {Einf\"{u}hrung in die Produktion}
}
@book{kuepper2004ablauforganisation,
  title={Ablauforganisation in Produktion und Logistik},
  author={K{\"u}pper, H.U. and Helber, S.},
  isbn={9783791023427},
  year={2004},
  publisher={Sch{\"a}ffer-Poeschel}
}
@incollection{schnell2012controlling,
  booktitle={Controlling in der Produktion: Instrumente, Strategien und Best-Practices},
  title={Produktionscontrolling: Bedeutung, Selbstverständnis, Aufgaben, Instrumente},
  editor={Klein, A. and Schnell, H.},
  author={Schnell, H.},
  isbn={9783648031995},
  series={Haufe Fachbuch},
  year={2012},
  publisher={Haufe Lexware}
}
@incollection{klein2010moderne1,
  booktitle={Moderne Controlling-Instrumente f{\"u}r Marketing und Vertrieb},
  editor={Klein, A.},
  author={Reinecke, S. and Eberharter, J.},
  title={Zentrale Instrumente und Kennzahlen im Marketing- und Vetriebscontrolling},
  pages={19-38},
  isbn={9783648011492},
  series={Haufe Fachpraxis},
  year={2010},
  publisher={Haufe-Mediengruppe}
}
@incollection{klein2010moderne2,
  booktitle={Moderne Controlling-Instrumente f{\"u}r Marketing und Vertrieb},
  editor={Klein, A.},
  author={Schmitt, M.},
  title={Vertriebsplanung: Absatzmengen, Preise und Budgets zuverlässig und flexibel planen},
  pages={39-56},
  isbn={9783648011492},
  series={Haufe Fachpraxis},
  year={2010},
  publisher={Haufe-Mediengruppe}
}
@incollection{klein2010moderne3,
  booktitle={Moderne Controlling-Instrumente f{\"u}r Marketing und Vertrieb},
  editor={Klein, A.},
  author={Zunk, B. and Bauer, U.},
  title={Konzeptioneller Rahmen und Handlungsfelder eines Kundenbeziehungscontrollings},
  pages={57-74},
  isbn={9783648011492},
  series={Haufe Fachpraxis},
  year={2010},
  publisher={Haufe-Mediengruppe}
}
@incollection{klein2014marketing1,
  booktitle={Marketing- und Vertriebscontrolling: Grundlagen, Konzepte, Kennzahlen, Best Practice},
  editor={Klein, A.},
  author={Grothe, M.},
  title={Social Business, Controlling und die digitale Transformation},
  pages={21-40},
  isbn={9783648057209},
  series={Haufe Fachbuch},
  year={2014},
  publisher={Haufe}
}
@incollection{klein2014marketing2,
  booktitle={Marketing- und Vertriebscontrolling: Grundlagen, Konzepte, Kennzahlen, Best Practice},
  editor={Klein, A.},
  author={Bleiber, R.},
  title={Mehrstufige Deckungsbeitragsrechnung als Instrument der Ergebnisrechnung im Vertrieb},
  pages={41-62},
  isbn={9783648057209},
  series={Haufe Fachbuch},
  year={2014},
  publisher={Haufe}
}
@incollection{klein2014marketing3,
  booktitle={Marketing- und Vertriebscontrolling: Grundlagen, Konzepte, Kennzahlen, Best Practice},
  editor={Klein, A.},
  author={Wiltinger, K.},
  title={Social Media Controlling - oder was wollen wir eigentlich in Facebook?},
  pages={63-80},
  isbn={9783648057209},
  series={Haufe Fachbuch},
  year={2014},
  publisher={Haufe}
}
@book{weber2010logistik,
  title={Logistik- und Supply-Chain-Controlling},
  author={Weber, J. and Wallenburg, C.M.},
  isbn={9783791026565},
  year={2010},
  publisher={Sch{\"a}ffer-Poeschel}
}
@incollection{Zirkler2018,
  doi = {10.1007/978-3-658-23714-1_3},
  year = {2018},
  month = oct,
  publisher = {Springer Fachmedien Wiesbaden},
  pages = {23--38},
  author = {Bernd Zirkler and Kai Nobach and Jonathan Hofmann and Sabrina Behrens},
  title = {Das Projektcontrolling},
  booktitle = {Projektcontrolling}
}
@book{kuetz2012projektcontrolling,
  title={Projektcontrolling in der IT: Steuerung von Projekten und Projektportfolios},
  author={K{\"u}tz, M.},
  isbn={9783864910852},
  year={2012},
  publisher={dpunkt.verlag}
}
@book{gadatsch2008,
  author = {Gadatsch, A.},
  doi = {10.1007/978-3-8348-9520-2},
  year = {2008},
  publisher = {Vieweg+Teubner},
  title = {Grundkurs {IT}-Projektcontrolling}
}
@incollection{Siller2017,
  doi = {10.1007/978-3-658-14887-4_9},
  year = {2017},
  publisher = {Springer Fachmedien Wiesbaden},
  pages = {305--353},
  author = {Helmut Siller},
  title = {Personalcontrolling},
  booktitle = {Praxiswissen Personalcontrolling}
}
@incollection{Goetze2001,
  doi = {10.1007/978-3-642-57587-7_5},

  year = {2001},
  publisher = {Physica-Verlag {HD}},
  pages = {95--126},
  editor = {Götze, Uwe and Henselmann, Klaus and Mikus, Barbara},
  author = {Uwe G\"{o}tze and Katja Glaser and Dirk Hinkel},
  title = {Risikocontrolling aus funktionaler Perspektive - Konzeptionsspezifische Darstellung des Aufgabenspektrums},
  booktitle = {Beitr\"{a}ge zur Unternehmensplanung}
}
@article{lange1988,
  author  = {Lange, Christoph}, 
  title   = {Investitionsentscheidungen im Umbruch: Struktur eines Investitions-Controllingsystems},
  journal = {Controlling-Praxis},
  year    = 1988,
  pages   = {133-146},
}
@article{reichmann1985,
  author  = {Reichmann, Thomas and Lange, Christoph}, 
  title   = {Aufgaben und Instrumente des Investitions-Controlling},
  journal = {DBW},
  year    = 1985,
  pages   = {454-466},
  edition = {45}
}
@book{Stark1987,
  doi = {10.1007/978-3-663-13776-4},
  year = {1987},
  publisher = {Gabler Verlag},
  author = {Heinz Stark},
  title = {Beschaffungsplanung und Budgetierung}
}
@book{Nebl2011,
  doi = {10.1524/9783486593099},
  year = {2011},
  publisher = {Oldenbourg Wissenschaftsverlag {GmbH}},
  author = {Theodor Nebl},
  edition = {7. Aufl.},
  title = {Produktionswirtschaft}
}
@book{Gutenberg1979,
  doi = {10.1007/978-3-642-61989-2},
  year = {1979},
  publisher = {Springer Berlin Heidelberg},
  author = {Erich Gutenberg},
  title = {Grundlagen der Betriebswirtschaftslehre},
  edition ={23. Aufl.},
  volume = {1 - Die Produktion}
}
@book{jehle1999produktionswirtschaft,
  title={Produktionswirtschaft: eine Einf{\"u}hrung mit Anwendungen und Kontrollfragen; mit Tabellen},
  author={Jehle, E. and M{\"u}ller, K. and Michael, H.},
  isbn={9783800562985},
  series={Grundstudium Betriebswirtschaftslehre},
  year={1999},
  edition = {5. Aufl.},
  address = {Heidelberg},
  publisher={Verlagsgesellschaft Recht u. Wirtschaft}
}
@book{Haeusser2016,
  doi = {10.1007/978-3-658-14278-0},
  year = {2016},
  publisher = {Springer Fachmedien Wiesbaden},
  author = {Liudmila H\"{a}usser},
  title = {Controlling in mittelst\"{a}ndischen Unternehmen in Russland},
  series = {Unternehmensführung {\&} Controlling}
}
@article{reinecke2018,
  author  = {Reinecke, Sven}, 
  title   = {Marketingcontrolling},
  journal = {Gabler Wirtschaftslexikon},
  year    = 2018,
  url = {https://wirtschaftslexikon.gabler.de/definition/marketingcontrolling-41129/version-264500}
}
@book{reinecke2007marketingcontrolling,
  title={Marketingcontrolling: Sicherstellen von Marketingeffektivit{\"a}t und -effizienz},
  author={Reinecke, S. and Janz, S.},
  isbn={9783170184046},
  series={Edition Marketing},
  year={2007},
  publisher={Kohlhammer}
}
@incollection{syska2006,
  author = {Syska, Andreas},
  doi = {10.1007/978-3-8349-9091-4_23},
  year = {2006},
  publisher = {Gabler},
  pages = {65--68},
  title = {Just-in-Time ({JIT})},
  booktitle = {Produktionsmanagement}
}
@incollection{Leimbck2015,
  doi = {10.1007/978-3-658-04872-3_3},
  year = {2015},
  publisher = {Springer Fachmedien Wiesbaden},
  pages = {125--175},
  author = {Egon Leimb\"{o}ck and Ulf R\"{u}diger Klaus and Oliver H\"{o}lkermann},
  title = {Teil B Projektcontrolling},
  booktitle = {Baukalkulation und Projektcontrolling}
}
@book{Langmann2009,
  doi = {10.1007/978-3-8349-8349-7},
  url = {https://doi.org/10.1007/978-3-8349-8349-7},
  year = {2009},
  publisher = {Gabler},
  author = {Christian Langmann},
  title = {F{\&}E-Projektcontrolling}
}
@book{Krcmar2015,
  doi = {10.1007/978-3-662-45863-1},
  edition = {6. Aufl.},
  year = {2015},
  publisher = {Springer Berlin Heidelberg},
  author = {Helmut Krcmar},
  title = {Informationsmanagement}
}
@article{hoffmann2007,
  author  = {Rollwagen, Ingo and Hoffmann, Jan and Schneider, Stefan}, 
  title   = {Deutschland im Jahr 2020 - Neue Herausforderungen für ein Land auf Expedition},
  journal = {Deutsche Bank Research},
  year    = 2007,
  url = {https://www.dbresearch.de/PROD/RPS_DE-PROD/PROD0000000000474798/Deutschland_im_Jahr_2020_-_Neue_Herausforderungen_.PDF}
}
@article{schmalenbach1909,
  author  = {Schmalenbach, Eugen}, 
  title   = {Über Verrechnungspreise},
  journal = {Zeitschrift für betriebswirtschaftliche Forschung (zfbf)},
  year    = 1909,
  number = 3
}
@book{schenk1939betriebskennzahlen,
  title={Die Betriebskennzahlen: Begriff, Ordnung und Bedeutung F{\"u}r Die Betriebsbeurteilung},
  author={Schenk, H.},
  address={Leipzig},
  year={1939}
}
@article{bouffier1952,
  author  = {Bouffier, Willy}, 
  title   = {Kennzahlen im betrieblichen Rechnungswesen},
  journal = {Der österreichische Betriebswirt},
  year    = 1952,
  address = {Wien},
  pages = {26--40},
  number = 2
}
@article{reichmann1976,
  author  = {Reichmann, Thomas and Lachnit, Laurenz}, 
  title   = {Planung, Steuerung und Kontrolle mit Hilfe von Kennzahlen},
  journal = {Zeitschrift für betriebswirtschaftliche Forschung (zfbf)},
  year    = 1976,
  address = {Wien},
  pages = {705--723},
  edition = {28. Jg.}
}
@book{kuetz2011,
  title={Kennzahlen in der IT: Werkzeuge für Controlling und Management},
  author={Kütz, Martin},
  address={Köthen},
  year={2011},
  edition = {4. Auflage},
  publisher = {dpunkt.verlag}
}
@article{weber2018gabler,
  author  = {Weber, Jürgen}, 
  title   = {Kennzahlen},
  journal = {Gabler Wirtschaftslexikon},
  year    = 2018,
  url = {https://wirtschaftslexikon.gabler.de/definition/kennzahlen-41897/version-265253}
}
@article{kamps2018gabler,
  author  = {Kamps, Udo}, 
  title   = {Beziehungszahl},
  journal = {Gabler Wirtschaftslexikon},
  year    = 2018,
  url = {https://wirtschaftslexikon.gabler.de/definition/beziehungszahl-31696/version-255247}
}
@article{kamps2018gabler2,
  author  = {Kamps, Udo}, 
  title   = {Indexzahl},
  journal = {Gabler Wirtschaftslexikon},
  year    = 2018,
  url = {https://wirtschaftslexikon.gabler.de/definition/indexzahl-34533/version-258035}
}
@book{meyer1989kunden,
  title={Kunden-Bilanz-Analyse der Kreditinstitute: eine Einf{\"u}hrung in die Jahresabschluss-Analyse und in die Analyse-Praxis der Kreditinstitute},
  author={Meyer, Claus},
  isbn={9783820205275},
  year={1989},
  publisher={Sch{\"a}ffer, Verlag f{\"u}r Wirtschaft u. Steuern}
}
@techreport{gehalt2018,
  title        = {Regionale Lohnunterschiede zwischen Männern und Frauen in Deutschland},
  institution  = {Institut für Arbeitsmarkt- und Berufsforschung},
  year         = 2018,
  number       = 2,
  address      = {Nürnberg},
  month        = 2,
}
@book{Sandt2004,
  doi = {10.1007/978-3-322-91473-6},
  url = {https://doi.org/10.1007/978-3-322-91473-6},
  year = {2004},
  publisher = {Deutscher Universit\"{a}tsverlag},
  author = {Joachim Sandt},
  title = {Management mit Kennzahlen und Kennzahlensystemen}
}
@book{zentralverband1989zvei,
  title={ZVEI-Kennzahlensystem: ein Instrument zur Unternehmenssteuerung},
  author={Zentralverband Elektrotechnik- und Elektronikindustrie},
  series={Betriebswirtschaftliche Schriftenreihe des ZVEI},
  year={1989},
  publisher={ZVEI, Betriebswirtschaftlicher Ausschuss}
}
@book{kaplan1996balanced,
  title={The Balanced Scorecard: Translating Strategy Into Action},
  author={Kaplan, R.S. and Kaplan, R.S. and Norton, D.P. and Norton, D.P. and Books24x7, Inc},
  isbn={9780875846514},
  lccn={96010216},
  series={BusinessPro collection},
  year={1996},
  publisher={Harvard Business School Press}
}
@article{davis1950,
  author  = {Davis, C.G. and Jajodia, S.}, 
  title   = {How the DuPont Organization Appraises its Performance},
  journal = {Financial Management Series},
  year    = 2018,
  pages = {3--7},
  publisher={American Management Association},
  volumen = 94
}
@article{lachnit1976,
  author  = {Lachnit, Laurenz}, 
  title   = {Zur Weiterentwicklung betriebswirtschaftlicher Kennzahlensysteme},
  journal = {Zeitschrift für betriebswirtschaftliche Forschung (zfbf)},
  year    = 1976,
  address = {Wiesbaden},
  pages = {216-230},
  number = 28
}
@incollection{Sauer2018,
  doi = {10.1007/978-3-658-21327-5_1},
  year = {2018},
  publisher = {Springer Fachmedien Wiesbaden},
  pages = {1--1},
  author = {Bettina Louise Sauer},
  title = {Verrechnungspreise im Spannungsfeld von Controlling und Steuern},
  booktitle = {Simulationsstudie zur Wirkung steuerinduzierter Lenkpreise}
}
@book{lohschmidt2005ziele,
  title={Ziele und Zielkonflikte bei der Festlegung von Verrechnungspreisen},
  author={Lohschmidt, Alexander},
  isbn={9783832237554},
  series={Unternehmen und Steuern},
  year={2005},
  publisher={Shaker}
}
@incollection{baumhoff2014,
  author       = {Baumhoff, Hubertus}, 
  title        = {Methoden zur Ermittlung des angemessenen Verrechnungspreises},
  booktitle    = {Verrechnungspreise international verbundener Unternehmen},
  year         = 2014,
  editor       = {Wassermeyer, F. and Baumhoff, H.},
  chapter      = 5,
  publisher	   = {Verlag Dr. Otto Schmidt},
  pages        = {317-350},
  address      = {Köln},
}
@article{crueger2004,
  author  = {Crüger, Arwed and Ritter, Lars}, 
  title   = {Steuerung von Konzernverrechnungspreisen durch die Kostenaufschlagsmethode },
  journal = {Controlling : Zeitschrift für erfolgsorientierte Unternehmenssteuerung},
  year    = 2004,
  number  = 16,
  pages   = {497-502},
  month   = 8,
  address = {München},
  publisher = {Beck},
  issn = {0935-0381},
  ZBID = {649545-X}
}
@article{wehnert2014,
  author  = { Wehnert, Oliver and Waldens, Stefan and Sprenger, Ina }, 
  title   = {Intercompany Effectiveness : Operationalisierung von Verrechnungspreisen als ganzheitlicher Ansatz},
  journal = {Der Betrieb},
  year    = 2014,
  number  = 67,
  pages   = {2901-2905},
  month   = 12,
  address = {Düsseldorf},
  publisher = {Handelsblatt Fachmedien},
  issn = {0005-9935},
  ZBID = {879-5}
}
@article{battenfeld1999,
  author  = {Battenfeld, Dirk}, 
  title   = {Interne Marktorientierung durch Verrechnungspreise },
  journal = {Diskussionsbeiträge: FernUniversität Hagen},
  year    = 1999,
  address = {Hagen},
}
@incollection{Dawid2016,
  doi = {10.1007/978-3-658-09377-8_1},
  url = {https://doi.org/10.1007/978-3-658-09377-8_1},
  year = {2016},
  publisher = {Springer Fachmedien Wiesbaden},
  pages = {1--13},
  author = {R. Dawid},
  title = {\"{U}berblick Verrechnungspreise},
  booktitle = {Verrechnungspreise}
}
@book{Kilger2012,
  doi = {10.1007/978-3-8349-3758-2},
  year = {2012},
  publisher = {Gabler Verlag},
  author = {Wolfgang Kilger and Jochen R. Pampel and Kurt Vikas},
  title = {Flexible Plankostenrechnung und Deckungsbeitragsrechnung},
  isbn = {978-3-8349-3238-9},
  edition = {13. Aufl.}
}
@incollection{Gadatsch2013Kostenrechnung,
  doi = {10.1007/978-3-658-01590-9_5},
  year = {2013},
  month = nov,
  publisher = {Springer Fachmedien Wiesbaden},
  pages = {305--372},
  author = {Andreas Gadatsch and Elmar Mayer},
  title = {Kostenrechnung f\"{u}r {IT}-Controller},
  booktitle = {Masterkurs {IT}-Controlling},
  edition = {5. Aufl.}
}
@incollection{Rieke2015,
  doi = {10.1007/978-3-658-07719-8_5},
  year = {2015},
  publisher = {Springer Fachmedien Wiesbaden},
  pages = {123--231},
  author = {Sabrina Rieke},
  title = {Verrechnungspreissystem f\"{u}r betriebswirtschaftliche und steuerrechtliche Zwecke},
  booktitle = {Verrechnungspreise im Spannungsfeld zwischen Konzernsteuerung und internationalem Steuerrecht}
}
@incollection{klein2012controlling1,
  booktitle={Controlling in der Produktion: Instrumente, Strategien und Best-Practices},
  title = {Produktionscontrolling: Bedeutung, Selbstverständnis, Aufgaben, Instrumente},
  author = {Schnell, Harald},
  editor={Klein, Andreas and Schnell, Harald},
  isbn={9783648031995},
  series={Haufe Fachbuch},
  year={2012},
  publisher={Haufe Lexware}
}
@article{schnell2018produktion,
  author  = {Klein, Andreas and Schnell, Harald}}, 
  title   = {Produktionscontroller! - Gefragter denn je! Zum Stand des Produktionscontrollings von heute und morgen},
  journal = {CONTROLLER Magazin},
  year    = 2018,
  month = 4,
  issn = {1616-0495},
  publisher = {Verlag für ControllingWissen},
  pages = {78--81}
}
@book{zaepfel1982operatives,
  title={Produktionswirtschaft: operatives Produktions-Management},
  author={Z{\"a}pfel, G.},
  isbn={9783110074505},
  series={De Gruyter Lehrbuch},
  year={1982},
  publisher={de Gruyter}
}
@book{zaepfel2014strategisches,
  title={Strategisches Produktions-Management},
  author={Z{\"a}pfel, G.},
  isbn={9783486804485},
  year={2014},
  publisher={De Gruyter}
}
@book{zaepfel2010taktisches,
  title={Taktisches Produktions-Management},
  author={Z{\"a}pfel, G.},
  isbn={9783486700831},
  series={Internationale Standardlehrb{\"u}cher der Wirtschafts- und Sozialwissenschaften},
  year={2010},
  publisher={De Gruyter}
}
@article{kuenzel2018,
  author  = {Künzel, Larissa and Brecht, Michael and Hagen, Tobias}, 
  title   = {SAP S/4HANA Funktionscheck im Bereich des Produktionscontrollings},
  journal = {ERP Management},
  year    = 2018,
  month = 3,
  pages = {41-44},
  publisher = {GITO-Verlag},
  issn = {1860-6725}
}
@book{Loedding2016,
  doi = {10.1007/978-3-662-48459-3},
  url = {https://doi.org/10.1007/978-3-662-48459-3},
  year = {2016},
  publisher = {Springer Berlin Heidelberg},
  author = {Hermann L\"{o}dding},
  title = {Verfahren der Fertigungssteuerung}
}
@book{grap1998produktion,
  title={Produktion und Beschaffung: eine praxisorientierte Einf{\"u}hrung},
  author={Grap, R.},
  isbn={9783800623211},
  year={1998},
  publisher={Vahlen}
}
@book{Abts2017,
  doi = {10.1007/978-3-658-16379-2},
  url = {https://doi.org/10.1007/978-3-658-16379-2},
  year = {2017},
  publisher = {Springer Fachmedien Wiesbaden},
  author = {Dietmar Abts and Wilhelm M\"{u}lder},
  title = {Grundkurs Wirtschaftsinformatik}
}
@book{Alpar2019,
  doi = {10.1007/978-3-658-25581-7},
  url = {https://doi.org/10.1007/978-3-658-25581-7},
  year = {2019},
  publisher = {Springer Fachmedien Wiesbaden},
  author = {Paul Alpar and Rainer Alt and Frank Bensberg and Peter Weimann},
  title = {Anwendungsorientierte Wirtschaftsinformatik}
}
@book{Pfohl2018,
  doi = {10.1007/978-3-662-56228-4},
  url = {https://doi.org/10.1007/978-3-662-56228-4},
  year = {2018},
  publisher = {Springer Berlin Heidelberg},
  author = {Hans-Christian Pfohl},
  title = {Logistiksysteme}
}
@book{hartmann2002materialwirtschaft,
  title={Materialwirtschaft.: Organisation - Planung - Durchf{\"u}hrung - Kontrolle.},
  author={Hartmann, H.},
  year={2005},
  edition = {8. Auflage},
  publisher={Duncker \& Humblot}
}

